@article{yang2005can,
  title={Can the strengths of AIC and BIC be shared? A conflict between model indentification and regression estimation},
  author={Yang, Yuhong},
  journal={Biometrika},
  volume={92},
  number={4},
  pages={937--950},
  year={2005},
  publisher={Biometrika Trust}
}

@article{arlot2010survey,
  title={A survey of cross-validation procedures for model selection},
  author={Arlot, Sylvain and Celisse, Alain and others},
  journal={Statistics surveys},
  volume={4},
  pages={40--79},
  year={2010},
  publisher={The author, under a Creative Commons Attribution License}
}

@article{tibshirani2013lasso,
  title={The lasso problem and uniqueness},
  author={Tibshirani, Ryan J and others},
  journal={Electronic Journal of Statistics},
  volume={7},
  pages={1456--1490},
  year={2013},
  publisher={The Institute of Mathematical Statistics and the Bernoulli Society}
}


