@inproceedings{lorbert2010descent,
  title={Descent methods for tuning parameter refinement},
  author={Lorbert, Alexander and Ramadge, Peter J},
  booktitle={International Conference on Artificial Intelligence and Statistics},
  pages={469--476},
  year={2010}
}

@article{zou2003regression,
  title={Regression shrinkage and selection via the elastic net, with applications to microarrays},
  author={Zou, Hui and Hastie, Trevor},
  journal={Journal of the Royal Statistical Society: Series B. v67},
  pages={301--320},
  year={2003}
}

@article{simon2013sparse,
  title={A sparse-group lasso},
  author={Simon, Noah and Friedman, Jerome and Hastie, Trevor and Tibshirani, Robert},
  journal={Journal of Computational and Graphical Statistics},
  volume={22},
  number={2},
  pages={231--245},
  year={2013},
  publisher={Taylor \& Francis Group}
}

@article{roth2004generalized,
  title={The generalized LASSO},
  author={Roth, Volker},
  journal={Neural Networks, IEEE Transactions on},
  volume={15},
  number={1},
  pages={16--28},
  year={2004},
  publisher={IEEE}
}

@article{o2013adaptive,
  title={Adaptive restart for accelerated gradient schemes},
  author={Oâ€™Donoghue, Brendan and Candes, Emmanuel},
  journal={Foundations of computational mathematics},
  volume={15},
  number={3},
  pages={715--732},
  year={2013},
  publisher={Springer}
}

@article{burczynski2006molecular,
  title={Molecular classification of Crohn's disease and ulcerative colitis patients using transcriptional profiles in peripheral blood mononuclear cells},
  author={Burczynski, Michael E and Peterson, Ron L and Twine, Natalie C and Zuberek, Krystyna A and Brodeur, Brendan J and Casciotti, Lori and Maganti, Vasu and Reddy, Padma S and Strahs, Andrew and Immermann, Fred and others},
  journal={The journal of molecular diagnostics},
  volume={8},
  number={1},
  pages={51--61},
  year={2006},
  publisher={Elsevier}
}

@article{subramanian2005gene,
  title={Gene set enrichment analysis: a knowledge-based approach for interpreting genome-wide expression profiles},
  author={Subramanian, Aravind and Tamayo, Pablo and Mootha, Vamsi K and Mukherjee, Sayan and Ebert, Benjamin L and Gillette, Michael A and Paulovich, Amanda and Pomeroy, Scott L and Golub, Todd R and Lander, Eric S and others},
  journal={Proceedings of the National Academy of Sciences of the United States of America},
  volume={102},
  number={43},
  pages={15545--15550},
  year={2005},
  publisher={National Acad Sciences}
}

@book{tsybakov2008introduction,
  title={Introduction to Nonparametric Estimation},
  author={Tsybakov, A.B.},
  isbn={9780387790527},
  lccn={2008939894},
  series={Springer Series in Statistics},
  url={https://books.google.com/books?id=mwB8rUBsbqoC},
  year={2008},
  publisher={Springer}
}

@article{wahba1981spline,
  title={Spline interpolation and smoothing on the sphere},
  author={Wahba, Grace},
  journal={SIAM Journal on Scientific and Statistical Computing},
  volume={2},
  number={1},
  pages={5--16},
  year={1981},
  publisher={SIAM}
}

@article{donoho1994ideal,
  title={Ideal spatial adaptation by wavelet shrinkage},
  author={Donoho, David L and Johnstone, Jain M},
  journal={Biometrika},
  volume={81},
  number={3},
  pages={425--455},
  year={1994},
  publisher={Biometrika Trust}
}

@article{mammen1997locally,
  title={Locally adaptive regression splines},
  author={Mammen, Enno and van de Geer, Sara and others},
  journal={The Annals of Statistics},
  volume={25},
  number={1},
  pages={387--413},
  year={1997},
  publisher={Institute of Mathematical Statistics}
}

@article{kim2009ell_1,
  title={$\backslash$ell\_1 Trend Filtering},
  author={Kim, Seung-Jean and Koh, Kwangmoo and Boyd, Stephen and Gorinevsky, Dimitry},
  journal={SIAM review},
  volume={51},
  number={2},
  pages={339--360},
  year={2009},
  publisher={SIAM}
}

@article{tibshirani2005sparsity,
  title={Sparsity and smoothness via the fused lasso},
  author={Tibshirani, Robert and Saunders, Michael and Rosset, Saharon and Zhu, Ji and Knight, Keith},
  journal={Journal of the Royal Statistical Society: Series B (Statistical Methodology)},
  volume={67},
  number={1},
  pages={91--108},
  year={2005},
  publisher={Wiley Online Library}
}

@book{boyd2004convex,
  title={Convex optimization},
  author={Boyd, Stephen and Vandenberghe, Lieven},
  year={2004},
  publisher={Cambridge university press}
}

@article{cvxpy,
  author= {Steven Diamond and Stephen Boyd},
  title= {CVXPY: A Python-Embedded Modeling Language for Convex Optimization},
  journal= {Journal of Machine Learning Research},
  note= {To appear},
  url= {http://stanford.edu/~boyd/papers/pdf/cvxpy\_paper.pdf},
  year={2016},
}

@inproceedings{nesterov1983method,
  title={A method of solving a convex programming problem with convergence rate O (1/k2)},
  author={Nesterov, Yurii},
  year={1983},
  pages={372-376},
  publisher={Soviet Mathematics Doklady},
  volume={27}
}

@article{donoho1995noising,
  title={De-noising by soft-thresholding},
  author={Donoho, David L},
  journal={Information Theory, IEEE Transactions on},
  volume={41},
  number={3},
  pages={613--627},
  year={1995},
  publisher={IEEE}
}

@article{wood2000modelling,
  title={Modelling and smoothing parameter estimation with multiple quadratic penalties},
  author={Wood, Simon N},
  journal={Journal of the Royal Statistical Society: Series B (Statistical Methodology)},
  volume={62},
  number={2},
  pages={413--428},
  year={2000},
  publisher={Wiley Online Library}
}

@article{golub1979generalized,
  title={Generalized cross-validation as a method for choosing a good ridge parameter},
  author={Golub, Gene H and Heath, Michael and Wahba, Grace},
  journal={Technometrics},
  volume={21},
  number={2},
  pages={215--223},
  year={1979},
  publisher={Taylor \& Francis}
}

@INPROCEEDINGS{Domahidi2013ecos, 
   author={Domahidi, A. and Chu, E. and Boyd, S.}, 
   booktitle={European Control Conference (ECC)}, 
   title={{ECOS}: {A}n {SOCP} solver for embedded systems}, 
   year={2013}, pages={3071-3076}
}

@article{buja1989linear,
  title={Linear smoothers and additive models},
  author={Buja, Andreas and Hastie, Trevor and Tibshirani, Robert},
  journal={The Annals of Statistics},
  pages={453--510},
  year={1989},
  publisher={JSTOR}
}

@article{friedman1981projection,
  title={Projection pursuit regression},
  author={Friedman, Jerome H and Stuetzle, Werner},
  journal={Journal of the American statistical Association},
  volume={76},
  number={376},
  pages={817--823},
  year={1981},
  publisher={Taylor \& Francis Group}
}

@inproceedings{snoek2012practical,
  title={Practical bayesian optimization of machine learning algorithms},
  author={Snoek, Jasper and Larochelle, Hugo and Adams, Ryan P},
  booktitle={Advances in neural information processing systems},
  pages={2951--2959},
  year={2012}
}

@inproceedings{bergstra2011algorithms,
  title={Algorithms for hyper-parameter optimization},
  author={Bergstra, James S and Bardenet, R{\'e}mi and Bengio, Yoshua and K{\'e}gl, Bal{\'a}zs},
  booktitle={Advances in Neural Information Processing Systems},
  pages={2546--2554},
  year={2011}
}

@inproceedings{hutter2011sequential,
  title={Sequential model-based optimization for general algorithm configuration},
  author={Hutter, Frank and Hoos, Holger H and Leyton-Brown, Kevin},
  booktitle={International Conference on Learning and Intelligent Optimization},
  pages={507--523},
  year={2011},
  organization={Springer}
}

@incollection{larsen1998adaptive,
  title={Adaptive regularization in neural network modeling},
  author={Larsen, Jan and Svarer, Claus and Andersen, Lars Nonboe and Hansen, Lars Kai},
  booktitle={Neural Networks: Tricks of the Trade},
  pages={113--132},
  year={1998},
  publisher={Springer}
}
@inproceedings{maclaurin2015gradient,
  title={Gradient-based hyperparameter optimization through reversible learning},
  author={Maclaurin, Dougal and Duvenaud, David and Adams, Ryan P},
  booktitle={Proceedings of the 32nd International Conference on Machine Learning},
  year={2015}
}
@article{bengio2000gradient,
  title={Gradient-based optimization of hyperparameters},
  author={Bengio, Yoshua},
  journal={Neural computation},
  volume={12},
  number={8},
  pages={1889--1900},
  year={2000},
  publisher={MIT Press}
}
@inproceedings{foo2008efficient,
  title={Efficient multiple hyperparameter learning for log-linear models},
  author={Foo, Chuan-sheng and Do, Chuong B and Ng, Andrew Y},
  booktitle={Advances in neural information processing systems},
  pages={377--384},
  year={2008}
}

@article{nelder1965simplex,
  title={A simplex method for function minimization},
  author={Nelder, John A and Mead, Roger},
  journal={The computer journal},
  volume={7},
  number={4},
  pages={308--313},
  year={1965},
  publisher={Br Computer Soc}
}
@book{buhlmann2011statistics,
  title={Statistics for high-dimensional data: methods, theory and applications},
  author={B{\"u}hlmann, Peter and Van De Geer, Sara},
  year={2011},
  publisher={Springer Science \& Business Media}
}

@article{van2014additive,
	title={The additive model with different smoothness for the components},
	author={van de Geer, Sara and Muro, Alan},
	journal={arXiv preprint arXiv:1405.6584},
	year={2014}
}

@article{neal1996bayesian,
	title={Bayesian learning for neural networks},
	author={Neal, Radford M},
	year={1996},
	publisher={Springer}
}

@article{tibshirani2013lasso,
  title={The lasso problem and uniqueness},
  author={Tibshirani, Ryan J and others},
  journal={Electronic Journal of Statistics},
  volume={7},
  pages={1456--1490},
  year={2013},
  publisher={The Institute of Mathematical Statistics and the Bernoulli Society}
}

@article{vaiter2012degrees,
  title={The degrees of freedom of the group lasso},
  author={Vaiter, Samuel and Deledalle, Charles and Peyr{\'e}, Gabriel and Fadili, Jalal and Dossal, Charles},
  journal={arXiv preprint arXiv:1205.1481},
  year={2012}
}

@article{yuan2006model,
  title={Model selection and estimation in regression with grouped variables},
  author={Yuan, Ming and Lin, Yi},
  journal={Journal of the Royal Statistical Society: Series B (Statistical Methodology)},
  volume={68},
  number={1},
  pages={49--67},
  year={2006},
  publisher={Wiley Online Library}
}

@article{mazumder2010spectral,
  title={Spectral regularization algorithms for learning large incomplete matrices},
  author={Mazumder, Rahul and Hastie, Trevor and Tibshirani, Robert},
  journal={Journal of machine learning research},
  volume={11},
  number={Aug},
  pages={2287--2322},
  year={2010}
}

@article{parikh2014proximal,
  title={Proximal algorithms},
  author={Parikh, Neal and Boyd, Stephen and others},
  journal={Foundations and Trends{\textregistered} in Optimization},
  volume={1},
  number={3},
  pages={127--239},
  year={2014},
  publisher={Now Publishers, Inc.}
}

@article{tibshirani2011solution,
  title={The solution path of the generalized lasso},
  author={Tibshirani, Ryan J and Taylor, Jonathan and others},
  journal={The Annals of Statistics},
  volume={39},
  number={3},
  pages={1335--1371},
  year={2011},
  publisher={Institute of Mathematical Statistics}
}


@article{watson1992characterization,
  title={Characterization of the subdifferential of some matrix norms},
  author={Watson, G Alistair},
  journal={Linear algebra and its applications},
  volume={170},
  pages={33--45},
  year={1992},
  publisher={Elsevier}
}

@book{rellich1969perturbation,
  title={Perturbation theory of eigenvalue problems},
  author={Rellich, Franz},
  year={1969},
  publisher={CRC Press}
}


