@inproceedings{lorbert2010descent,
  title={Descent methods for tuning parameter refinement},
  author={Lorbert, Alexander and Ramadge, Peter J},
  booktitle={International Conference on Artificial Intelligence and Statistics},
  pages={469--476},
  year={2010}
}

@article{zou2003regression,
  title={Regression shrinkage and selection via the elastic net, with applications to microarrays},
  author={Zou, Hui and Hastie, Trevor},
  journal={Journal of the Royal Statistical Society: Series B. v67},
  pages={301--320},
  year={2003}
}

@article{simon2013sparse,
  title={A sparse-group lasso},
  author={Simon, Noah and Friedman, Jerome and Hastie, Trevor and Tibshirani, Robert},
  journal={Journal of Computational and Graphical Statistics},
  volume={22},
  number={2},
  pages={231--245},
  year={2013},
  publisher={Taylor \& Francis Group}
}

@article{roth2004generalized,
  title={The generalized LASSO},
  author={Roth, Volker},
  journal={Neural Networks, IEEE Transactions on},
  volume={15},
  number={1},
  pages={16--28},
  year={2004},
  publisher={IEEE}
}

@article{o2013adaptive,
  title={Adaptive restart for accelerated gradient schemes},
  author={Oâ€™Donoghue, Brendan and Candes, Emmanuel},
  journal={Foundations of computational mathematics},
  volume={15},
  number={3},
  pages={715--732},
  year={2013},
  publisher={Springer}
}

@article{burczynski2006molecular,
  title={Molecular classification of Crohn's disease and ulcerative colitis patients using transcriptional profiles in peripheral blood mononuclear cells},
  author={Burczynski, Michael E and Peterson, Ron L and Twine, Natalie C and Zuberek, Krystyna A and Brodeur, Brendan J and Casciotti, Lori and Maganti, Vasu and Reddy, Padma S and Strahs, Andrew and Immermann, Fred and others},
  journal={The journal of molecular diagnostics},
  volume={8},
  number={1},
  pages={51--61},
  year={2006},
  publisher={Elsevier}
}

@article{subramanian2005gene,
  title={Gene set enrichment analysis: a knowledge-based approach for interpreting genome-wide expression profiles},
  author={Subramanian, Aravind and Tamayo, Pablo and Mootha, Vamsi K and Mukherjee, Sayan and Ebert, Benjamin L and Gillette, Michael A and Paulovich, Amanda and Pomeroy, Scott L and Golub, Todd R and Lander, Eric S and others},
  journal={Proceedings of the National Academy of Sciences of the United States of America},
  volume={102},
  number={43},
  pages={15545--15550},
  year={2005},
  publisher={National Acad Sciences}
}

