@article{efron1973,
  title={Stein's estimation rule and its competitors -- an empirical Bayes approach},
  author={Efron, Bradley and Morris, Carl},
  journal={Journal of the American Statistical Association},
  volume={68},
  number={341},
  pages={117--130},
  year={1973},
  publisher={Taylor \& Francis Group}
}
